@online{latex,
    author = "The LaTeX Project",
    title = "{LaTeX}",
    howpublished  = "\url{https://www.latex-project.org/}"
}

@online{mllib,
    author = "Apache Spark",
    title = "{MLlib}",
    howpublished  = "\url{https://spark.apache.org/mllib/}"
}

@online{lr,
    author = "Apache Spark",
    title = "{Logistic regression}",
    howpublished  = "\url{https://spark.apache.org/docs/2.1.0/ml-classification-regression.html#logistic-regression}"
}

@online{dtc,
    author = "Apache Spark",
    title = "{Decision tree classifier}",
    howpublished  = "\url{https://spark.apache.org/docs/2.1.0/ml-classification-regression.html#decision-tree-classifier}"
}

@online{rfc,
    author = "Apache Spark",
    title = "{Random forest classifier}",
    howpublished  = "\url{https://spark.apache.org/docs/2.1.0/ml-classification-regression.html#random-forest-classifier}"
}

@online{gbt,
    author = "Apache Spark",
    title = "{Gradient-boosted tree classifier}",
    howpublished  = "\url{https://spark.apache.org/docs/2.1.0/ml-classification-regression.html#gradient-boosted-tree-classifier}"
}

@online{lsvm,
    author = "Apache Spark",
    title = "{Linear Support Vector Machine}",
    howpublished  = "\url{https://spark.apache.org/docs/2.2.0/ml-classification-regression.html#linear-support-vector-machine}"
}

@online{ovr,
    author = "Apache Spark",
    title = "{One-vs-Rest classifier}",
    howpublished  = "\url{https://spark.apache.org/docs/2.2.0/ml-classification-regression.html#one-vs-rest-classifier-aka-one-vs-all}"
}

@online{python,
    author = "Python Software Foundation",
    title = "{Python}",
    howpublished  = "\url{https://www.python.org/}"
}

@online{zeppelin,
    author = "Apache Zeppelin",
    title = "{Zeppelin}",
    howpublished  = "\url{https://zeppelin.apache.org/}"
}

@online{jupyter,
    author = "Jupyter Project and Community",
    title = "{Jupyter}",
    howpublished  = "\url{https://jupyter.org/}"
}

@online{nohup,
    author = "Free Software Foundation",
    title = "{Nohup man pages}",
    howpublished  = "\url{https://www.gnu.org/software/coreutils/manual/html_node/nohup-invocation.html#nohup-invocation}"
}

@online{databricks,
    author = "Databricks Community",
    title = "{Databricks}",
    howpublished  = "\url{https://databricks.com/}"
}

@online{hadoop,
    author = "Apache Software Foundation",
    title = "{Apache Hadoop}",
    howpublished  = "\url{https://hadoop.apache.org/}"
}

@online{yarn,
    author = "Apache Software Foundation",
    title = "{Apache Yarn}",
    howpublished  = "\url{https://yarn.apache.org/}"
}

@online{ambari,
    author = "Apache Software Foundation",
    title = "{Apache Ambari}",
    howpublished  = "\url{https://ambari.apache.org/}"
}

@online{avro,
    author = "Apache Software Foundation",
    title = "{Apache Avro}",
    howpublished  = "\url{https://avro.apache.org/}"
}

@online{cassandra,
    author = "Apache Software Foundation",
    title = "{Apache Cassandra}",
    howpublished  = "\url{https://cassandra.apache.org/}"
}

@online{hbase,
    author = "Apache Software Foundation",
    title = "{Apache HBase}",
    howpublished  = "\url{https://hbase.apache.org/}"
}

@online{hive,
    author = "Apache Software Foundation",
    title = "{Apache Hive}",
    howpublished  = "\url{https://hive.apache.org/}"
}

@online{pig,
    author = "Apache Software Foundation",
    title = "{Apache Pig}",
    howpublished  = "\url{https://pig.apache.org/}"
}

@online{spark,
    author = "Apache Software Foundation",
    title = "{Apache Spark}",
    howpublished  = "\url{https://spark.apache.org/}"
}

@online{tez,
    author = "Apache Software Foundation",
    title = "{Apache Tez}",
    howpublished  = "\url{https://tez.apache.org/}"
}

@online{zookeeper,
    author = "Apache Software Foundation",
    title = "{Apache ZooKeeper}",
    howpublished  = "\url{https://zookeeper.apache.org/}"
}

@online{kafka,
    author = "Apache Software Foundation",
    title = "{Apache Kafka}",
    howpublished  = "\url{https://kafka.apache.org/}"
}

@online{storm,
    author = "Apache Software Foundation",
    title = "{Apache Storm}",
    howpublished  = "\url{https://storm.apache.org/}"
}

@online{cloudera,
    author = "Cloudera",
    title = "{Cloudera}",
    howpublished  = "\url{https://www.cloudera.com}"
}

@online{hortonworks,
    author = "Hortonworks",
    title = "{Hortonworks}",
    howpublished  = "\url{https://www.hortonworks.com}"
}

@online{mapr,
    author = "MapR",
    title = "{MapR}",
    howpublished  = "\url{https://mapr.com/}"
}

@online{amazonemr,
    author = "Amazon",
    title = "{Amazon Elastic Map Reduce}",
    howpublished  = "\url{https://aws.amazon.com/es/emr/}"
}

@online{microsofthdinsight,
    author = "Microsoft",
    title = "{Azure HDInsight}",
    howpublished  = "\url{https://azure.microsoft.com/en-in/services/hdinsight/}"
}

@online{altiscale,
    author = "SAP",
    title = "{SAP Cloud Platform}",
    howpublished  = "\url{https://cloudplatform.sap.com}"
}

@online{laney,
    author = "Laney, Doug",
    title = "{3D Data Management: Controlling Data Volume, Velocity, and Variety}",
    howpublished  = "\url{https://blogs.gartner.com/doug-laney/files/2012/01/ad949-3D-Data-Management-Controlling-Data-Volume-Velocity-and-Variety.pdf}"
}

@book{oates,
    title = {Researching Information Systems and Computing},
    author = {Oates, Briony J.},
    year = {2005},
    publisher = {SAGE Publications Ltd},
}
 
@book{sutherland,
    title = {The Scrum Fieldbook: A Master Class on Accelerating Performance, Getting Results, and Defining the Future},
    author = {Sutherland, J.J.},
    year = {2019},
    publisher = {Currency},
}

@book{ellis,
    title = {Project Management in Product Development},
    author = {Ellis, George},
    year = {2017},
    publisher = {Butterworth-Heinemann},
}

@book{walls,
    title = {Building a DevOps Culture},
    author = {Walls, Mandi},
    year = {2013},
    publisher = {O'Reilly},
}

@book{erl,
    title = {Cloud Computing: Concepts, Technology &
Architecture},
    author = {Erl, Thomas},
    year = {2013},
    publisher = {Prentice Hall},
}

@book{skemp,
    title = {Cloud computing},
    author = {Skemp, K. M.},
    year = {2017},
    publisher = {Salem Press Encyclopedia of Science},
}

@book{casas,
    title = {IntroduccioÃÅn al Big Data},
    author = {Casas, Jordi},
    year = {2018},
    publisher = {Universitat Oberta de Catalunya},
}

@book{bengfort,
    title = {Data analytics with Hadoop: an introduction for
data scientists},
    author = {Bengfort, Benjamin},
    year = {2016},
    publisher = {O'Reilly},
}

@book{havanki,
    title = {Moving Hadoop to the Cloud},
    author = {Havanki, Bill},
    year = {2017},
    publisher = {O'Reilly},
}

@book{yadav,
    title = {Processing big data with Azure HDInsight},
    author = {Yadav, Vinit},
    year = {2017},
    publisher = {Apress},
}